%% This BibTeX bibliography file was created using BibDesk.
%% https://bibdesk.sourceforge.io/

%% Created for Michal Ramsza at 2022-05-26 17:42:45 +0200 


%% Saved with string encoding Unicode (UTF-8) 



@incollection{gibbons1992game,
	author = {Gibbons, Robert S},
	booktitle = {Game Theory for Applied Economists},
	date-added = {2022-05-23 23:06:01 +0200},
	date-modified = {2022-05-23 23:06:01 +0200},
	publisher = {Princeton University Press},
	title = {Game theory for applied economists},
	year = {1992}}

@book{fudenberg1991game,
	author = {Fudenberg, Drew and Tirole, Jean},
	date-added = {2022-05-23 23:02:48 +0200},
	date-modified = {2022-05-23 23:02:48 +0200},
	publisher = {MIT press},
	title = {Game theory},
	year = {1991}}

@book{vega1996evolution,
	author = {Vega-Redondo, Fernando},
	date-added = {2022-05-23 22:57:52 +0200},
	date-modified = {2022-05-23 22:57:52 +0200},
	publisher = {OUP Oxford},
	title = {Evolution, games, and economic behaviour},
	year = {1996}}

@article{ramsza2010elementy,
	author = {Ramsza, Micha{\l}},
	date-added = {2022-05-23 15:42:36 +0200},
	date-modified = {2022-05-23 15:42:36 +0200},
	journal = {Monografie i Opracowania/Szko{\l}a G{\l}{\'o}wna Handlowa},
	number = {576},
	title = {Elementy modelowania ekonomicznego opartego na teorii uczenia si{\k{e}} w grach populacyjnych},
	year = {2010}}

@book{weibull1997evolutionary,
	author = {Weibull, J{\"o}rgen W},
	date-added = {2022-05-23 15:41:12 +0200},
	date-modified = {2022-05-23 15:41:12 +0200},
	publisher = {MIT press},
	title = {Evolutionary game theory},
	year = {1997}}

@article{santos2005scale,
	author = {Santos, Francisco C and Pacheco, Jorge M},
	journal = {Physical review letters},
	number = {9},
	pages = {098104},
	publisher = {APS},
	title = {Scale-free networks provide a unifying framework for the emergence of cooperation},
	volume = {95},
	year = {2005}}

@article{Roth:1993aa,
	author = {Roth, Alvin E},
	date-added = {2018-02-05 17:20:38 +0000},
	date-modified = {2018-02-05 17:20:49 +0000},
	journal = {Journal of the History of Economic Thought},
	number = {2},
	pages = {184--209},
	publisher = {Cambridge University Press},
	title = {The early history of experimental economics},
	volume = {15},
	year = {1993}}

@article{benaim2003,
	author = {M. Benaim and J. W. Weibull},
	journal = {Econometrica},
	pages = {873--903},
	title = {Deterministic approximation of stochastic evolution in games},
	volume = {71},
	year = {2003}}

@article{osborne1998,
	author = {M. Osborne and A. Rubinstein},
	journal = {American Economic Review},
	pages = {834--847},
	title = {Games with procedurally rational players},
	volume = {88},
	year = {1998}}

@book{garland2010,
	author = {G. S. Tucker},
	publisher = {Emerald Book},
	title = {The High Tide of American Conservatism: Davis, Coolidge, and the 1924 Election},
	year = {2010}}

@book{dixit2008art,
	author = {Dixit, Avinash K and Nalebuff, Barry},
	title = {The art of strategy: a game theorist's guide to success in business \& life},
	year = {2008}}

@article{nash1951non,
	author = {Nash, John},
	journal = {Annals of mathematics},
	pages = {286--295},
	title = {Non-cooperative games},
	year = {1951}}

@book{luce1989games,
	author = {Luce, R Duncan and Raiffa, Howard},
	title = {Games and decisions: Introduction and critical survey},
	year = {1989}}

@book{ross1985discrete,
	author = {Ross, Kenneth A and Wright, Charles RB},
	title = {Discrete mathematics},
	year = {1985}}

@article{wozny2012lecture,
	author = {Wo{\'z}ny, Lukasz},
	date-modified = {2022-05-26 17:42:41 +0200},
	title = {Lecture notes on Microeconomics},
	year = {2012}}

@book{rousseau1985discourse,
	author = {Rousseau, Jean-Jacques},
	title = {A discourse on inequality},
	year = {1985}}

@book{leighton1965feynman,
	author = {Leighton, Robert B and Sands, Matthew},
	title = {The Feynman lectures on physics},
	year = {1965}}

@article{albert2002statistical,
	author = {Albert, R{\'e}ka and Barab{\'a}si, Albert-L{\'a}szl{\'o}},
	journal = {Reviews of modern physics},
	number = {1},
	pages = {47},
	title = {Statistical mechanics of complex networks},
	volume = {74},
	year = {2002}}
